<?xml version="1.0" encoding="UTF-8"?><collection xmlns="http://www.loc.gov/MARC21/slim"><record><leader>00310nam--2200121-i-4500</leader><controlfield tag="001">000022503</controlfield><controlfield tag="002">20161230</controlfield><controlfield tag="005">20161230201034</controlfield><controlfield tag="008">060222s1000------------r-----000-0-eng-d</controlfield><datafield ind1=" " ind2=" " tag="100"><subfield code="a">Hawgood, John</subfield></datafield><datafield ind1=" " ind2=" " tag="245"><subfield code="a">Numerical methods in algol</subfield></datafield><datafield ind1=" " ind2=" " tag="260"><subfield code="a">London, Mcgraw-hill Publ.Co.Ltd., 1965. X + 178 P</subfield></datafield><datafield ind1=" " ind2=" " tag="852"><subfield code="a">22443</subfield></datafield></record></collection>